<record><leader>00000cas a22000007a 4500</leader><controlfield tag="001">14988255</controlfield><controlfield tag="008">861218d18741890mouwr ne      0    0eng d</controlfield><datafield ind1=" " ind2=" " tag="010"><subfield code="a">sn 86054038 </subfield></datafield><datafield ind1=" " ind2=" " tag="040"><subfield code="a">NPX</subfield><subfield code="b">eng</subfield><subfield code="c">NPX</subfield><subfield code="d">OCLCQ</subfield></datafield><datafield ind1=" " ind2=" " tag="042"><subfield code="a">msc</subfield></datafield><datafield ind1="0" ind2=" " tag="130"><subfield code="a">Plain dealer (Fredericktown, Mo.)</subfield></datafield><datafield ind1="1" ind2="4" tag="245"><subfield code="a">The plain dealer.</subfield></datafield><datafield ind1=" " ind2=" " tag="260"><subfield code="a">Fredericktown, Mo. :</subfield><subfield code="b">John M. Lacey</subfield></datafield><datafield ind1=" " ind2=" " tag="300"><subfield code="a">v.</subfield></datafield><datafield ind1=" " ind2=" " tag="310"><subfield code="a">Weekly</subfield></datafield><datafield ind1="1" ind2=" " tag="362"><subfield code="a">Began in 1874; ceased in 1890?</subfield><subfield code="z">Cf. Gregory, W. Amer. newspapers.</subfield></datafield><datafield ind1=" " ind2=" " tag="588"><subfield code="a">Description based on: Vol. 2, no. 41 (Jan. 8, 1876).</subfield></datafield><datafield ind1=" " ind2=" " tag="752"><subfield code="a">United States</subfield><subfield code="b">Missouri</subfield><subfield code="c">Madison</subfield><subfield code="d">Fredericktown.</subfield></datafield></record>